<?xml version="1.0" encoding="UTF-8"?><collection xmlns="http://www.loc.gov/MARC21/slim"><record><leader>00565nam--2200193-i-4500</leader><controlfield tag="001">000003398</controlfield><controlfield tag="002">20161230</controlfield><controlfield tag="005">20161230201025</controlfield><controlfield tag="008">060222s1000------------r-----000-0-fre-d</controlfield><datafield ind1=" " ind2=" " tag="040"><subfield code="a">IFIN-HH</subfield></datafield><datafield ind1=" " ind2=" " tag="041"><subfield code="a">fre</subfield></datafield><datafield ind1=" " ind2=" " tag="080"><subfield code="a">530-145+530.192</subfield></datafield><datafield ind1="1" ind2=" " tag="100"><subfield code="a">Broglie, Louis De</subfield></datafield><datafield ind1="1" ind2="0" tag="245"><subfield code="a">Mecanique ondulatoire du photon et theorie quantique des champs</subfield><subfield code="c">Louis de broglie</subfield></datafield><datafield ind1=" " ind2=" " tag="250"><subfield code="a">Deuxieme Edition Revue Et Corrigee</subfield></datafield><datafield ind1=" " ind2=" " tag="260"><subfield code="a">Paris</subfield><subfield code="b">Gauthier-villars, Imprimeur-editeur</subfield><subfield code="c">1949</subfield></datafield><datafield ind1=" " ind2=" " tag="300"><subfield code="a">VI+208P</subfield></datafield><datafield ind1=" " ind2=" " tag="852"><subfield code="a">13636</subfield><subfield code="c">530.14</subfield></datafield><datafield ind1=" " ind2=" " tag="CAT"><subfield code="a">Sys</subfield><subfield code="c">20160209</subfield><subfield code="h">135000</subfield></datafield></record></collection>